@BOOK{muller,
  TITLE = {Grundlagen der Betriebswirtschaftslehre für Ingenieure},
  AUTHOR = {Müller, David},
  YEAR = {2006},
  PUBLISHER = {Springer},
}

@BOOK{domschke,
  TITLE = {Grundlagen der Betriebswirtschaftslehre},
  AUTHOR = {Domschke, Wolfgang und Scholl, Armin},
  YEAR = {2008},
  PUBLISHER = {Springer},
}
